%%%%%%%%%%%%%%%%%%%%%%% Comments %%%%%%%%%%%%%%%%%%%%%%%%
%% BibTeX can accept names in "forename surname" or "surname, forename".
%% to tell BibTeX when a reference has more than one author by putting the keyword "and" in between every author.
%%%%%%%%%%%%%%%%%%%%%%% Bibliography %%%%%%%%%%%%%%%%%%%%%%%
@article{hsu2003practical,
  title={A practical guide to support vector classification},
  author={Hsu, Chih-Wei and Chang, Chih-Chung and Lin, Chih-Jen and others}
}
@article{twine2011whole,
  title={Whole transcriptome sequencing reveals gene expression and splicing differences in brain regions affected by Alzheimer's disease},
  author={Twine, Natalie A and Janitz, Karolina and Wilkins, Marc R and Janitz, Michal},
  journal={PloS one},
  volume={6},
  number={1},
  pages={e16266},
  year={2011},
  publisher={Public Library of Science}
}
@inproceedings{turk1991face,
  title={Face recognition using eigenfaces},
  author={Turk, Matthew A and Pentland, Alex P},
  booktitle={Computer Vision and Pattern Recognition, 1991. Proceedings CVPR'91., IEEE Computer Society Conference on},
  pages={586--591},
  year={1991},
  organization={IEEE}
}
@article{kwak2005face,
  title={Face recognition using a fuzzy fisherface classifier},
  author={Kwak, Keun-Chang and Pedrycz, Witold},
  journal={Pattern Recognition},
  volume={38},
  number={10},
  pages={1717--1732},
  year={2005},
  publisher={Elsevier}
}
@article{de2010face,
  title={Face recognition algorithms},
  author={De Carrera, Proyecto Fin and Marques, Ion},
  journal={Master's thesis in Computer Science, Universidad Euskal Herriko},
  year={2010}
}
@article{draper2003recognizing,
  title={Recognizing faces with PCA and ICA},
  author={Draper, Bruce A and Baek, Kyungim and Bartlett, Marian Stewart and Beveridge, J Ross},
  journal={Computer vision and image understanding},
  volume={91},
  number={1},
  pages={115--137},
  year={2003},
  publisher={Elsevier}
}
@article{smith2002tutorial,
  title={A tutorial on principal components analysis},
  author={Smith, Lindsay I},
  journal={Cornell University, USA},
  volume={51},
  number={52},
  pages={65},
  year={2002}
}
@article{turk1991eigenfaces,
  title={Eigenfaces for recognition},
  author={Turk, Matthew and Pentland, Alex},
  journal={Journal of cognitive neuroscience},
  volume={3},
  number={1},
  pages={71--86},
  year={1991},
  publisher={MIT Press}
}
@inproceedings{lee2001algorithms,
  title={Algorithms for non-negative matrix factorization},
  author={Lee, Daniel D and Seung, H Sebastian},
  booktitle={Advances in neural information processing systems},
  pages={556--562},
  year={2001}
}
@article{lee1999learning,
  title={Learning the parts of objects by non-negative matrix factorization},
  author={Lee, Daniel D and Seung, H Sebastian},
  journal={Nature},
  volume={401},
  number={6755},
  pages={788--791},
  year={1999},
  publisher={Nature Publishing Group}
}
@article{berry2007algorithms,
  title={Algorithms and applications for approximate nonnegative matrix factorization},
  author={Berry, Michael W and Browne, Murray and Langville, Amy N and Pauca, V Paul and Plemmons, Robert J},
  journal={Computational statistics \& data analysis},
  volume={52},
  number={1},
  pages={155--173},
  year={2007},
  publisher={Elsevier}
}

